@article{di2018predictive,
  title={Predictive Process Monitoring Methods: Which One Suits Me Best?},
  author={Di Francescomarino, Chiara and Ghidini, Chiara and Maggi, Fabrizio Maria and Milani, Fredrik},
  journal={arXiv preprint arXiv:1804.02422},
  year={2018}
}

@inproceedings{rogge2015time,
  title={Time series petri net models-enrichment and prediction},
  author={Rogge-Solti, Andreas and Vana, Laura and Mendling, Jan},
  year={2015},
  organization={CEUR Workshop Proceedings}
}

@inproceedings{verenich2017white,
  title={White-box prediction of process performance indicators via flow analysis},
  author={Verenich, Ilya and Nguyen, Hoang and La Rosa, Marcello and Dumas, Marlon},
  booktitle={Proceedings of the 2017 International Conference on Software and System Process Pages},
  pages={85--94},
  year={2017},
  organization={ACM}
}

@inproceedings{senderovich2017intra,
  title={Intra and inter-case features in predictive process monitoring: A tale of two dimensions},
  author={Senderovich, Arik and Di Francescomarino, Chiara and Ghidini, Chiara and Jorbina, Kerwin and Maggi, Fabrizio Maria},
  booktitle={International Conference on Business Process Management},
  pages={306--323},
  year={2017},
  organization={Springer}
}